@Article{Complex,
	author = 			 "",
	title = 			 "Using {C}omplex {I}ntegration to {C}ompute {M}ultivariate
									{N}ormal {P}robabilities",
	OPTcrossref =  "",
	OPTkey = 			 "",
	OPTjournal = 	 "Journal of Computational and Graphical Statistics",
	OPTyear = 		 "",
	OPTvolume = 	 "to appear",
	OPTnumber = 	 "",
	OPTpages = 		 "",
	OPTmonth = 		 "",
	OPTnote = 		 "",
	OPTannote = 	 ""
}

@Book{models,
	author = 			 "H.H. Andersen",
	title = 			 "Linear and graphical models : for the multivariate complex
                   normal distribution",
	publisher = 	 "Springer-Verlag",
	year = 				 1995
}

