% This file is : kwright.bib
% Examples of my bibliography keys follow.
%   BJS86 : Bohachevsky, Johnson, Stein, 1986
%   Pos95a : Posse, 1995
%   WaM93 : Morgan Wang, 1993
%   WaO94 : Ouhang Wang, 1994 
% General rule:  For multiple authors, use the first initial of the last 
% names and the year.  For a single author, use three characters and the year.


@Misc{ANSI85,
	author =			 {ANSI/IEEE},
	title =				 {{IEEE} {S}tandard for {B}inary {F}loating-{P}oint {A}rithmetic},
	year =				 1985,
  Publisher = {IEEE, New York},
	note =				 {ANSI/IEEE Standard 754-1985}
}

@Misc{ANSI87,
	author =			 {ANSI/IEEE},
	title =				 {A {R}adix-{I}ndependent {S}tandard for {F}loating-{P}oint {A}rithmetic},
	year =				 1987,
  Publisher = {IEEE, New York},
	note =				 {ANSI/IEEE Standard 854-1987}
}

@Book{Ale83,
  author =       "G. Alefeld and J. Herzberger",
  title =        "Introduction to {I}nterval {C}omputations",
  publisher =    "Academic Press",
  year =         1983,
  address =      "New York"
}

@Article{AmosBulgren,
	author = 			 "D. E. Amos and W. G. Bulgren",
	title = 			 "Computation of a {M}ultivariate {F} {D}istribution",
	journal =			 "Mathematics of Computation",
	year =				 1972,
	volume =			 26,
	number =			 117,
	pages =				 "255--264"
}

@Article{Arslan,
	author = 			 {O Arslan and P D L Constable and J T Kent},
	title = 			 {Domains of {C}onvergence for the {EM} {A}lgorithm: a {C}autionary {T}ale
                  in a {L}ocation {E}stimation {P}roblem},
	journal = 		 {Statistical Computing},
	year = 				 1993,
	volume =			 3,
	pages =				 {103--108}
}

@Article{Atk92,
  author =       "A. C. Atkinson",
  title =        "A {S}egmented {A}lgorithm for {S}imulated {A}nnealing",
  journal =      "Statistics and Computing",
  year =         1992,
  volume =       2,
  pages =        "221--230"
}


@Article{BJS86,
  author =       "Ihor O. Bohachevsky and Mark E. Johnson and Myron L. Stein",
  title =        "Generalized {S}imulated {A}nnealing for {F}unction
                  {O}ptimization",
  journal =      "Technometrics",
  year =         1986,
  volume =       28,
  pages =        "209--217"
}

@InBook{Bohlender,
	author = 			 {G Bohlender},
	title = 			 {Computer {A}rithmetic and {S}elf-{V}alidating {N}umerical 
                    {M}ethods},
	chapter = 		 {What {D}o {W}e {N}eed {B}eyond {IEEE} {A}rithmetic?},
	publisher = 	 {Academic {P}ress, {I}nc.},
  address =      {New York},
	year = 				 1990,
	pages =				 {1--32}
}

@InCollection{Brane,
  author =    {Klaus Brane},
  title =     {Standard {F}unctions for {R}eal and {C}omplex {P}oint and 
              {I}nterval {A}rguments with {D}ynamic {A}ccuracy},
  booktitle = {Scientific {C}omputation with {A}utomatic {R}esult
									{V}erification},
  publisher = {Springer-Verlag},
  address={New York},
  year =      1988,
  editor =    {U Kulisch and H J Stetter},
  pages =     {159-184}
}


@ARTICLE{CBC92,
  Author="Cook, D. and Buja, A. and Cabrera,J.",
  Year=1992, 
  Title="An {A}nalysis of {P}olynomial-based {P}rojection {P}ursuit",
  Journal="Computing Science and Statistics",
  Volume=24,
  Pages="478--482"
}

@ARTICLE{CBC93,
  Author="Cook, D. and Buja, A. and Cabrera, J.",
  Year=1993,
  Title="{P}rojection {P}ursuit {I}ndexes {B}ased on {O}rthonormal {F}unction
    {E}xpansions",
  Journal="Journal of Computational and Graphical Statistics",
  Volume=2,
  Number=3,
  Pages="225--250"
}


@INPROCEEDINGS{CC92,
  Author="Cabrera, J. and Cook, D.",
  Year=1992,
  Title="{P}rojection {P}ursuit {I}ndices based on {F}ractal {D}imension",
  Editor="Newton, J.", 
  Booktitle="{P}roceedings of the 24th {S}ymposium on the
  {I}nterface between {C}omput.  {S}ci. and {S}tatist.",
  Publisher="Interface Foundation of North America", 
  Address="College Station, TX"
}

@ARTICLE{CC92b,
  Author="Cabrera, J. and Cook, D.",
  Year=1992,
  Title="{P}rojection {P}ursuit {I}ndices based on {F}ractal {D}imension",
  Journal="Computing Science and Statistics",
  Volume=24,
  Pages="474--477"
}

@Article{CR87,
  author =       "George F Corliss and L B Rall",
  title =        "Adaptive, {S}elf-{V}alidating {N}umerical {Q}uadrature",
  journal =      "SIAM J. Sci. Stat. Computing",
  year =         1987,
  volume =       8,
  pages =        "831--847"
}

@TechReport{Chan90,
  author =       "Kung-Sik Chan",
  title =        "Maximum {L}ikelihood {E}stimation from {I}ncomplete
                  {D}ependent {D}ata via the {SEM} {A}lgorithm",
  institution =  "University of Chicago",
  year =         1990
}

@InCollection{Cody88,
	author = 			 {W J Cody},
	title = 			 {Floating-{P}oint {S}tandards--{T}heory and {P}ractice},
	booktitle = 	 {Reliability in {C}omputing},
	publisher =		 {Academic Press},
  address =      {New York},
	year =				 1988,
	editor =			 {Ramon E Moore},
	pages =				 {99-107}
}

@Article{Cook,
  author =       "Cook",
  title =        "Theory and {C}omputational {M}ethods for {D}ynamic
                  {P}rojections in {H}igh-{D}imensional {V}isualization",
  journal =      "Journal of Computational and Graphical Statistics",
  year =         "submitted"
}

@InCollection{Corliss88,
  Author = {George F Corliss},
  chapter = {Applications of {D}ifferentiation {A}rithmetic},
  title = {{R}eliability in {C}omputing },
  Year = 1988,
  editor =    {Ramon E Moore},
	booktitle = 	 {Reliability in {C}omputing},
  Publisher = {Academic Press},
  address =      {New York},
  pages = "127--148"
}

@INPROCEEDINGS{DK87,
  Author="Richard DeVeaux and Abba M Krieger",
  Year=1987,
  Title="Robust {E}stimation of a {N}ormal {M}ixture",
  Booktitle={ASA Proceedings of the Section on Statistical Computing},
  Publisher="American Statistical Association", 
  Address={Alexandria, VA}
}


@article{DLR,
    Journal = {Journal of the Royal Statistical Society. Series B.
              Methodological},
    Volume = 39,
    Pages = {1--22},
    Author = {Dempster, A. P. and Laird, N. M. and Rubin, D. B.},
    Title = {Maximum {L}ikelihood {F}rom {I}ncomplete {D}ata Via the {EM} 
            {A}lgorithm},
    Year = 1977
}

@TechReport{DMa89,
  author =       "L C W Dixon and Z A Maany",
  title =        "The {P}erformance of the {T}runcated {N}ewton, {C}onjugate
                  {G}radient {A}lgorithm in {F}ortran and {A}da",
  institution =  "University of Hertfordshire, School of Information Science",
  year =         1989,
  number =   210
}


@TechReport{DMo87,
  author =       "L C W Dixon and M Mohseninia",
  title =        "The {U}se of the {E}xtended {O}perations {S}et of {A}da with
                  {A}utomatic {D}ifferentiation and the {T}runcated {N}ewton
                  {M}ethod", 
  institution =  "University of Hertfordshire, School of Information Sciences",
  year =         1987,
  number =       176
}

@TechReport{DPr86a,
  author =       "L C W Dixon and R C Price",
  title =        "Numerical {E}xperience with the {T}runcated {N}ewton
                  {M}ethod",
  institution =  "University of Hertfordshire, School of Information Sciences",
  year =         1986,
  number =       169
}

@TechReport{DPr86b,
  author =       "L C W Dixon and R C Price",
  title =        "The {T}runcated {G}auss-{N}ewton {M}ethod for {S}parse
                  {L}east {S}quares {P}roblems using {A}utomatic
                  {D}ifferentiation",
  institution =  "University of Hertfordshire, School of Information Sciences",
  year =         1986,
  number =       171
}

@TechReport{DPr86c,
  author =       "L C W Dixon and R C Price",
  title =        "The {T}runcated {G}auss-{N}ewton {M}ethod for {S}parse
                  {U}nconstrained {O}ptimization using {A}utomatic
                  {D}ifferentiation",
  institution =  "University of Hertfordshire, School of Information Sciences",
  year =         1986,
  number =       170
}

@article{DS83,
  Author="Dembo, Ron and Steihaug, Trond",
  Year=1983,
  Title="Truncated-{N}ewton {A}lgoritms for {L}arge-{S}cale {U}nconstrained
                  {O}ptimization",
  Journal="Mathematical Programming",
  Volume=26,
  Pages="190-212"   
}

@inproceedings{Don95, 
  Author={Jianping Dong},
  Year=1995, 
  Title={An {A}pplication of {P}rojection {P}ursuit {M}ethod on
                  {C}ontingency {T}ables},
  Booktitle={ASA Proceedings of the Section on Statistical Computing},
  Publisher={American Statistical Association},
  Address={Alexandria, VA},
  Pages={131--135}
}

@Article{Dutt76,
	author = 			 {J E Dutt and A P Soms},
	title = 			 {An {I}ntegral {R}epresentation {T}echnique for 
                   {C}alculating {G}eneral {M}ultivariate {P}robabilities
                   with an {A}pplication to {M}ultivariate $\chi^2$},
	journal = 		 {Communications in Statistics--Theory and Methods},
	year = 				 1976,
	volume =			 5,
	pages =				 {377--388}
}

@ARTICLE{Fri87,
  Author="Friedman, J. H.",
  Year=1987,
  Title="{E}xploratory {P}rojection {P}ursuit",
  Journal="Journal of American Statistical Association",
  Volume="82",
  Pages="249--266"}

@Article{Gautschi70,
  author =       "W Gautschi",
  title =        "Efficient {C}omputation of the {C}omples {E}rror {F}unction",
  journal =      "SIAM {J}. {N}umer {A}nal.",
  year =         1970,
  pages =        "187--198"
}
@InCollection{Gay88,
	author = 			 {David M Gay},
	title = 			 {Interval {L}east {S}quares--a {D}iagnostic {T}ool},
	booktitle = 	 {Reliability in {C}omputing},
	publisher =		 {Academic Press},
  address =      {New York},
	year =				 1988,
	editor =			 {Ramon E Moore},
	pages =				 {183-205}
}

@MastersThesis{Gessner,
	author = 			 "Mary Gessner",
	title = 			 "Self-{V}alidating {C}omputations of {S}tandard {N}ormal and
      {I}ncomplete {G}amma {P}robabilities",
	school = 			 "Iowa State University",
	year = 				 "1992",
	OPTnote = 		 "Creative component"
}

@Article{Gunst,
	author = 			 "Richard F Gunst and John T Webster",
	title = 			 "Density {F}unctions of the {B}ivariate {C}hi-{S}quare 
                  {D}istribution",
	journal =			 "J. Statist. Comput. Simul.",
	year =				 1973,
	volume =			 2,
	pages =				 "275--288"
}

@Article{GunstNote,
	author = 			 "Richard F Gunst",
	title = 			 "On {C}omputing {C}ritical {P}oints for a {B}ivariate
									{C}hi-{S}quare {R}andom {V}ariable",
	journal =			 "Communications in Statistics",
	year =				 1973,
	volume =			 2,
	pages =				 "221-224"
}

@Article{GuptaSobel,
	author = 			 "S.S. Gupta and M. Sobel",
	title = 			 "On the {S}mallest of {S}everal {C}orrelated {F} {S}tatistics",
	journal =			 "Biometrika",
	year =				 1962,
	volume =			 49,
	pages =				 "509--523"
}

@Article{Hamdy,
	author = 			 "H.I. Hamdy and M.S. Son and M. Al-Mahmeed",
	title = 			 "On the {D}istribution of [a] {B}ivariate {F}-{V}ariable",
	journal =			 "Computational Statistics \& Data Analysis",
	year =				 1988,
	volume =			 6,
	pages =				 "157--164"
}

@InCollection{Hammer93,
	author = 			 {R Hammer and M Neaga and D Ratz},
	title = 			 {{PASCAL-XSC}: New {C}oncepts for {S}cientifc {C}omputation
                   and {N}umerical {D}ata {P}rocessing},
	booktitle = 	 {{S}cientific {C}omputing with {A}utomatic {R}esult 
                  {V}erification},
	publisher =		 {Academic Press},
  address =      {New York},
	year =				 1993,
	editor =			 {E Adams and U Kulisch},
	pages =				 {15-44}
}
@Article{Han78,
  author =       "E Hansen",
  title =        "Interval {F}orms of {N}ewtons {M}ethod",
  journal =      "Computing",
  year =         1978,
  volume =       20,
  pages =        "153--163"
}

@inbook{Han88, 
  Author = {Eldon Hansen},
  chapter = {An {O}verview of {G}lobal {O}ptimization {U}sing {I}nterval
                  {A}nalysis },
  title = {{R}eliability in {C}omputing },
  Year = 1988,
  Publisher = {Academic Press},
  address =      {New York},
  pages = "289--307",
}

@Article{Hansen:Sharp,
	author = 			 "Eldon R Hansen",
	title = 			 "Sharpness in {I}nterval {C}omputations",
	journal =			 "Reliable Computing",
	year =				 1997,
	volume =			 3,
	pages =				 "17--29"
}

@Book{HansenBook,
  author =       "Eldon Hansen",
  title =        "Global {O}ptimization {U}sing {I}nterval {A}nalysis",
  publisher =    "Marcel Dekker",
  address =      "New York",
  year =         1992
}

@inproceedings{Has94, 
  Author={Vic Hasselblad},
  Year=1994, 
  Title={Numerical {T}echniques in {D}istribution {F}itting},
  Booktitle={Computing Science and Statistics}, 
  Publisher={Interface Foundation of North America}, 
  Pages={217--221}
}


@Misc{IEEE87,
	author =			 "American National Standards Institute",
	title =				 "A {S}tandard for {R}adix-{I}ndependent {F}loating-{P}oint {A}rithmetic",
	howpublished = "ANSI/IEEE Std. 854-1987",
	year =				 1987
}

@TechReport{JK92,
  author =       "C Jansson and O {Kn\"uppel}",
  title =        "A {G}lobal {M}inimization {M}ethod: {T}he {M}ultidimensional
                  {C}ase",
  institution =  "Informationstechnik, Technische Uni. Hamburg--Harburg",
  year =         1992,
  number =   "92.1"
}

@inproceedings{JK92a,
  author =       "C Jansson and O {Kn\"uppel}",
  title =        "A {M}inimization {M}ethod for {S}ystems with {S}ingular
                  {V}alue {C}onstraints",
  booktitle =    "Operations Research '92",
  publisher=     {Physica-Verlag,},
  address =      {Heidelberg},
  year=          1992,
  pages =        "190--192"
}

@Article{JK93,
  author =       "C Jansson and O {Kn\"uppel}",
  title =        "Eine intervallanalytische {M}ethode {f\"ur} globale
                  {O}ptimierungsprobleme",
  journal =      "Zeitschrift {f\"ur} angewandte Mathematik und Mechanik",
  year =         1993,
  volume =       73,
  number =       7,
  pages =        "741--743"
}

@TechReport{JK94,
  author =       "C Jansson and O {Kn\"uppel}",
  title =        "Numerical {R}esults for a {S}elf-{V}alidating {G}lobabl
                  {O}ptimization {M}ethod",
  institution =  "Informationstechnik, Technische Uni. Hamburg--Harburg",
  year =         1994,
  number =   "94.1"
}

@ariticle{JK96,
  author =       "C Jansson and O {Kn\"uppel}",
  title =        "A {B}ranch and {B}ound {A}lgorithm for {B}ound {C}onstrained
                  {O}ptimization {P}roblems without {D}erivatives",
  journal =      "Journal of Global Optimization",
  year =         1995,
  volume = 7,
  pages =        {297--331}
}

@inproceedings{Jan94,
  author =       "C Jansson",
  title =        "On {S}elf-{V}alidating {M}ethods for {O}ptimization
                  {P}roblems",
  booktitle =    "Topics in Validated Computations",
  publisher=     {Elsevier}, 
  address=       {New York},
  year=          1994,
  pages =        "381--438"
}

@Article{Jensen,
	author = 			 "D R Jensen and R B Howe",
	title = 			 "Probability {C}ontent of the {B}ivariate {C}hi-{S}quare
                  {D}istribution {O}ver {R}ectangular {R}egions",
	journal =			 "Virginia Journal of Science",
  year =         1968,
	volume =			 19,
	pages =				 "233--239"
}

@Article{Jensen69,
	author = 			 "D R Jensen and M Q Jones",
	title = 			 "Simultaneous {C}onfidence {I}ntervals for {V}ariances",
	journal =			 "Journal of the {A}merican {S}tatistical {A}ssociation",
	year =				 1969,
	volume =			 64,
	pages =				 "324--332"
}

@Book{JonesThron,
  author =       "William Jones and W J Thron",
  title =        "Continued Fractions",
  publisher =    "Addison-Wesley",
  year =         1980,
  series =       "Encyclopedia of Mathematics and Its Applications",
  address =      "Reading, Massachusetts"
}

@Unpublished{KNZ00,
  author =       "V Kreinovich and V M Nesterov and N A Zheludeva",
  title =        "Interal {M}ethods {T}hat {A}re {G}uaranteed to
                  {U}nderestimate (and the resulting new justification of
                  {K}aucher {A}rithmetic)",
  year =         "2000",
  note =         "Preprint?"
}
@TechReport{KSi93,
  author =       "Olaf {Kn\"uppel} and Thomas Simenec",
  title =        "{PROFIL/BIAS} Extensions",
  institution =  "Informationstechnik, Technische Uni. Hamburg--Harburg",
  year =         1993,
  number =   "93.5"
}
@article{Kea94,
  title = "On {V}erifying {F}easibility in {E}quality {C}onstrained
                  {O}ptimization {P}roblems",
  author = "R Baker Kearfott",
  year = 1994,
  journal = "Mathematical Programming"
}

@article{Kea95,
  title = "A {F}ortran 90 {E}nvironment for {R}esearch and {P}rototyping of
                  {E}nclosure {A}lgorithms for {N}onlinear {E}quations and
                  {G}lobal {O}ptimization",
  author = "R Baker Kearfott",
  year = 1995,
  journal = "{ACM} Trans. Math. Software",
  volume = "21 (1)",
  pages = {63--78}
}

@Article{Kea96a,
  author =       "R. Baker Kearfott",
  title =        { {E}mpirical {E}valuation of {I}nnovations in {I}nterval 
                  {B}ranch and {B}ound {A}lgorithms for {N}onlinear {A}lgebraic
                  {S}ystems} ,
  journal =      "SIAM Journal on Scientific Computing",
  year =         "in press",
  volume =       "Unknown"
}

@InBook{Kea96b,
  author =       "R. Baker Kearfott",
  title =        "{A}pplications of {I}nterval {C}omputations",
  chapter =      "A {R}eview of {T}echniques in the {V}erified {S}olution of
                  {C}onstrained {G}lobal {O}ptimization {P}roblems",
  publisher =    "Kluwer Academic Publishers",
  address =      {Boston},
  year =         1996,
  pages =        "23--59"
}

@Article{Kea96c,
  author =       "R. Baker Kearfott",
  title =        "{I}nterval {C}omputations: {I}ntroduction, {U}ses, and
                  {R}esources ",
  journal =      "Euromath Bulletin",
  year =         1996,
  volume =       2
}

@Article{Kea96d,
  author =       "R. Baker Kearfott",
  title =        "{I}nterval {E}xtensions of Non-{S}mooth {F}unctions for
                  {G}lobal {O}ptimization and {N}onlinear {S}ystem {S}olvers",
  journal =      "Computing",
  year =         "in press",
  volume =       "Unknown"
}

@article{Kea96e,
  author = {R. Baker Kearfott},
  title = {{T}reating {N}on-{S}mooth {F}unctions as
                  {S}mooth {F}unctions in {G}lobal {O}ptimization and
                  {N}onlinear {S}ystems {S}olvers},
  journal = {Scientific Computing and Validated Numerics},
  year = "in press"
}


@inproceedings{Kea96f,
  author =       {R. Baker Kearfott}, 
  title =        "{A}utomatic {D}ifferentiation of {C}onditional {B}ranches in
                  an {O}perator {O}verloading {C}ontext",
  year =         1996,
  publisher =    {SIAM},
  BookTitle =    { Proceedings of the Second International Workshop of
                  Computational Differentiation }
}

@article{Kea97a,
  title = "{INTERVAL ARITHMETIC}: {A} {F}ortran 90 {M}odule for an {I}nterval
                  {D}ata {T}ype",
  author = "R Baker Kearfott",
  year = 1997,
  journal = "{ACM} Trans. Math. Software"
}

@article{Kea97b,
  title = "On {P}roving {E}xistence of {F}easible {P}oints in {E}quality
                  {C}onstrained {O}ptimization {P}roblems",
  author = "R Baker Kearfott",
  year = 1997,
  journal = ""
}

@book{KearfottBook,
  author = "R Baker Kearfott",
  title = "Rigorous {G}lobal {S}earch: {C}ontinuous {P}roblems",
  year =    1996,
  publisher = "Kluwer Academic Publishers",
  address =      {Boston}
}

@InCollection{Kelch,
	author = "Rainer Kelch",
	title = "Numerical {Q}uadrature by {E}xtrapolation with {A}utomatic
                   {R}esult {V}erification",
	booktitle = "Scientific {C}omputing with {A}utomatic {R}esult
		  {V}erification",
	publisher = "Academic Press",
  address =      {New York},
	year = 1993,
	editor = "E. Adams and U. Kulisch",
	pages = "143--185"
}

@Book{KennedyGentle,
	author = 			 {William Kennedy and James Gentle},
	title = 			 {Statistical Computing},
	publisher = 	 {Marcel Dekker},
	year = 				 1980,
  address =      {New York}
}

@TechReport{Knu93a,
  author =       "Olaf {Kn\"uppel}",
  title =        "{BIAS} -- {B}asic {I}nterval {A}rithmetic {S}ubroutines",
  institution =  "Informationstechnik, Technische Uni. Hamburg--Harburg",
  year =         1993,
  number =   "93.3"
}

@TechReport{Knu93b,
  author =       "Olaf {Kn\"uppel}",
  title =        "{PROFIL} -- {P}rogrammer's {R}untime {O}ptimized {F}ast
                  {I}nterval {L}ibrary",
  institution =  "Informationstechnik, Technische Uni. Hamburg--Harburg",
  year =         1993,
  number =   "93.4"
}
@TechReport{Knu93c,
  author =       "Olaf {Kn\"uppel}",
  title =        "A {M}ultiple {P}recision {A}rithmetic for {PROFIL}",
  institution =  "Informationstechnik, Technische Uni. Hamburg--Harburg",
  year =         1993,
  number =   "93.6"
}

@Article{Knu94,
  author =       "O {Kn\"uppel}",
  title =        "{PROFIL/BIAS} -- {A} {F}ast {I}nterval {L}ibrary",
  journal =      "Computing",
  year =         1994,
  volume =       53,
  pages =        "277--287"
}

@TechReport{Knu95,
  author =       "Olaf {Kn\"uppel}",
  title =        "A {PROFIL/BIAS} {I}mplementation of a {G}lobal
                  {M}inimization {A}lgorithm",
  institution =  "Informationstechnik, Technische Uni. Hamburg--Harburg",
  year =         1995,
  number =   "95.4"
}

@TechReport{KnuppelBIAS,
  author =       "Olaf {Kn\"uppel}",
  title =        "{BIAS} -- {B}asic {I}nterval {A}rithmetic {S}ubroutines",
  institution =  "Informationstechnik, Technische Uni. Hamburg--Harburg",
  year =         1993,
  number =   "93.3"
}
@TechReport{KnuppelPROFIL,
  author =       "Olaf {Kn\"uppel}",
  title =        "{PROFIL} -- {P}rogrammer's {R}untime {O}ptimized {F}ast
                  {I}nterval {L}ibrary",
  institution =  "Informationstechnik, Technische Uni. Hamburg--Harburg",
  year =         1993,
  number =   "93.4"
}

@InCollection{Kramer,
  author =    {Walter Kr\"amer},
  title =     {Inverse {S}tandard {F}unctions for {R}eal and 
               {C}omplex {P}oint and 
              {I}nterval {A}rguments with {D}ynamic {A}ccuracy},
  booktitle = {Scientific {C}omputation with {A}utomatic {R}esult
									{V}erification},
  publisher = {Springer-Verlag},
  address =   {New York},
  year =      1988,
  editor =    {U Kulisch and H J Stetter},
  pages =     {185--212}
}


@InCollection{Kramer:multiple:precision,
	author = 			 {Walter Kr\"amer},
	title = 			 {Multiple-{P}recision {C}omputations with {R}esult
                  {V}erification},
	booktitle = 	 {Scientific {C}omputation with {A}utomatic {R}esult 
                  {V}erification},
	publisher =		 {Academic Press},
	year =				 1993,
	address =			 {New York}
}

@InBook{Krish,
	author = 			 "P R Krishnaiah",
	title = 			 "Handbook of Statistics, Vol. 1",
	chapter = 		 "Computations of Some Multivariate Distributions",
	publisher =		 "North-Holland Publishing Company",
  address =      "New York",
	year =				 1980,
	pages =				 "745--971"
}

@Article{Krishnaiah65,
	author = 			 "P. R. Krishnaiah",
	title = 			 "On the {S}imultaneous {ANOVA} and {MANOVA} {T}ests",
	journal =			 "Ann. Inst. Statist. Math.",
	year =				 1965,
	volume =			 17,
	pages =				 "35-53"
}

@Article{Krishnaiah75,
  author =       "F. J. Schuurmann and P. R. Krishnaiah and A. K. Chattopadhyay",
  title =        "Tables for a {M}ultivariate {F} {D}istribution",
  journal =      "Sankhya",
  year =         1975,
  volume =       37,
  pages =        "308--331"
}

@InBook{Krishnaiah80,
        author = "P R Krishnaiah",
        title = "Handbook of Statistics, Vol. 1",
        chapter = "Computations of Some Multivariate Distributions",
        publisher = "North-Holland Publishing Company",
        address = "New York",
        year =   1980,
        pages =   "745--971"
}

@article{LB88,
    Journal = {Journal of the American Statistical Association},
    Volume = 83,
    Pages = {1014--1022},
    Author = {Lindstrom, Mary J. and Bates, Douglas M.},
    Title = {Newton-{R}aphson and {EM} {A}lgorithms for {L}inear 
             {M}ixed-{E}ffects
            {M}odels for {R}epeated-{D}easures {D}ata},
    Year = 1988
}

@InCollection{Lawo93,
	author = 			 {Christian Lawo},
	title = 			 {{C-XSC}: A {P}rogramming {E}nvironment for {V}erified
                  {S}cientific {C}omputing and {N}umerical {D}ata 
                  {P}rocessing},
	booktitle = 	 {{S}cientific {C}omputing with {A}utomatic {R}esult 
                  {V}erification},
	publisher =		 {Academic Press},
  address =      {New York},
	year =				 1993,
	editor =			 {E Adams and U Kulisch},
	pages =				 {71--102}
}

@Article{MR88,
  author =       "R E Moore and H Ratschek",
  title =        "Inclusion {F}unctions and {G}lobal {O}ptimiztion {II}",
  journal =      "Mathematical Progamming",
  year =         1988,
  volume =       41,
  pages =        "341--356"
}

@Book{McLachlan:Book,
	author = 			 {Geoffrey J McLachlan and Thriyambakam Krishnan},
	title = 			 {The {EM} {A}lgorithm and {E}xtensions},
	publisher = 	 {John Wiley \& Sons},
  address =      {New York},
	year = 				 1997
}


@Article{Meng,
  author =       "Meng",
  title =        "On the {O}rderings and {G}roupings of {C}onditional
                  {M}aximizations {W}ithin {ECM}-{T}ype {A}lgorithms",
  journal =      "Journal of Computational and Graphical Statistics",
  year =         "submitted"
}

@InCollection{Metzger88,
	author = 			 {Michael Metzger},
	chapter = 		 {{FORTRAN-SC}: {A} {FORTRAN} {E}xtension for {E}ngineering
                  / {S}cientific {C}omputation with {A}ccess to {ACRITH}},
  title =       {{R}eliability in {C}omputing},
	booktitle = 	 {Reliability in {C}omputing},
	publisher =		 {Academic Press},
  address =      {New York},
	year =				 1988,
	editor =			 {Ramon E Moore},
	pages =				 {63--79}
}


@Book{Montgomery91,
	author = 			 {Douglas C Montgomery},
	title = 			 {Design and {A}nalysis of {E}xperiments},
	publisher = 	 {John Wiley \& Sons},
  address =      {New York},
	year = 				 1991,
	edition =			 {Third Ed.},
	note =				 {pages 148--151}
}

@Book{Moore66, 
  author =       "R. E. Moore",
  title =        "{I}nterval {A}nalysis",
  publisher =    "Prentice-Hall",
  year =         1966,
  address =      "Englewood Cliffs, N.J."
}

@Book{Moore79,
  author =       "R. E. Moore",
  title =        "Methods and {A}pplications of {I}nterval {A}nalysis",
  publisher =    "SIAM",
  year =         1979,
  address =      "Philadelphia"
}

@article{Mor90,
  title = "Interpretable {P}rojection {P}ursuit",
  author = "Sally C Morton",
  year = 1990,
  pages = {63--68},
  journal = "ASAProcCompStat"
}

@Book{Neumaier,
	author = 			 {Arnold Neumaier},
	title = 			 {Interval {M}ethods for {S}ystems of {E}quations},
	publisher = 	 {Cambridge University Press},
  address =      {Boston},
	year = 				 1990
}

@Article{Nickel80,
  author =       "K Nickel",
  title =        "Arithmetic of Complex Sets",
  journal =      "Computing",
  year =         1980,
  volume =       24,
  pages =        "97--105"
}

@PhdThesis{OuhongThes,
	author = 			 {Ouhong Wang},
	title = 			 {Applications of{N}umerical {I}nterval {A}nalysis to {O}btain
                  {S}elf-{V}alidating {R}esults in a {M}assively {P}arallel
                  {C}omputing {E}nvironment},
	school = 			 {Iowa State University},
	year = 				 1994
}

@Article{PoppeWijers,
  author =       "G P M Poppe and C M J Wijers",
  title =        "More {E}fficient {C}omputation of the {C}omplex {E}rror {F}unction",
  journal =      "ACM {T}ransactions on {M}athematical {S}oftware",
  year =         1990,
  volume =       16,
  pages =        "38--46"
}

@article{Pos90,
  Author={Posse, C.},
  Year=1990, 
  Title={{A}n {E}ffective
                  {T}wo-{D}imensional {P}rojection {P}ursuit {A}lgorithm},
  Journal={Communications in Statistics: Simulation and Computation},
  Volume=19, 
  pages={1143-1164}
}

@article{Pos95a,
  Author={Posse, C.}, 
  Year=1995, 
  Title={{P}rojection {P}ursuit {E}xploratory {D}ata {A}nalysis},
  Journal={Computational Statistics \&\ Data Analysis},
  Volume=20, 
  Pages={669-687}
}

@Article{Pos95b,
  author =       "Christian Posse",
  title =        "Tools for {T}wo-{D}imensional {E}xploratory {P}rojection
                  {P}ursuit",
  journal =      "Journal of Computational and Graphical Statistics",
  year =         1995,
  volume =       4,
  pages =        "83-100"
}

@Article{RL71,
  author =       "J Rokne and P Lancaster",
  title =        "Complex Interval Arithmetic",
  journal =      "Numerical Mathematics",
  year =         1971,
  volume =       14,
  number =       2,
  pages =        "111-112"
}

@Book{RR84,
  author =       "H Ratscheck and J Rokne",
  title =        "Computer {M}ethods for the {R}ange of {F}unctions",
  publisher =    "Ellis Horwood Limited",
  year =         1984,
  address =      "Chichester, England"
}

@Book{RR88,
  author =       "H Ratscheck and J Rokne",
  title =        "New {C}omputer {M}ethods for the {G}lobal {O}ptimization",
  publisher =    "Ellis Horwood Limited",
  year =         1988,
  address =      "Chichester, England"
}

@Article{RW84,
  author =       "Richard A Redner and Homer F Walker",
  title =        "Mixture {D}ensities, {M}aximum {L}ikelihood {A}nd the {EM}
                  {A}lgorithm",
  journal =      "{SIAM} {R}eview",
  year =         1984,
  volume =       26,
  pages =        "195--239"
}

@Article{Ralston,
	author = 			 {Ralston, Mary L and Jennrich, Robert I},
	title = 			 {Dud, a {D}erivative-free {A}lgorithm for {N}onlinear 
                  {L}east {S}quares},
	journal = 		 {Technometrics},
	year = 				 1978,
	volume =			 20,
	pages =				 {7--14}
}





@Article{Rat85,
  author =       "H Ratschek",
  title =        "Inclusion {F}unctions and {G}lobal {O}ptimiztion",
  journal =      "Mathematical Progamming",
  year =         1985,
  volume =       33,
  pages =        "300--317"
}

@Article{SW94,
  author =       "Zhang Lian Sheng and M. A. Wolfe",
  title =        "An {I}nterval {A}lgorithm for {N}ondifferentiable
                  {G}lobal {O}ptimization",
  Journal={Applied Mathematics and Computation},
  year =         1994,
  volume =       63,
  pages =        "101--122"
}

@Article{Smirnov,
  author =       "N Smirnov",
  title =        "Table for {E}stimating the {G}oodness of {F}it of
                  {E}mpirical {D}istributions",
  journal =      "Annals of Mathematical Statistics",
  volume =       19,
  year =         1948,
  pages =        "279--281"
}

@Book{Thisted,
	author = 			 "Ronald A Thisted",
	title = 			 "Elements of {S}tatistical {C}omputing",
	publisher = 	 "Chapman and Hall", 
  address =      "New York",
	year = 				 1988
}

@Book{Toolbox,
	author = 			 {R Hammer and M Hocks and U Kulisch and D Ratz},
	title = 			 {Numerical {T}oolbox for {V}erified {C}omputing {I}},
	publisher = 	 {Springer-Verlag},
  address=       {New York},
	year = 				 1993
}

@Unpublished{Tra96,
  author =       "Kien C Tran",
  title =        "Estimating {M}ixtures of {N}ormal {D}istributions via
                  {E}mpirical {C}haracteristic {F}unction",
  note =         "Preprint",
  year =         1996
}

@Article{Tuprah86,
	author = 			 "Kwami Tuprah and William H Woodall",
	title = 			 "Bivariate {D}ispersion {Q}uality {C}ontrol {C}harts",
	journal =			 "Communications in Statistics -- Simulation and Computing",
	year =				 1986,
	volume =			 15,
	pages =				 "505-522"
}
@inproceedings{WHS85,
    BookTitle = {Numerical Optimization 1984},
    Title = "Test {R}esults for a {G}lobal {O}ptimization {A}lgorithm",
    Pages = {13--25},
    Author = {G Walster and E Hansen and S Sengupta},
    Year = 1985,
}

@article{WK90a,
    Journal = {Journal of Statistical Computation and Simulation},
    Volume = 37,
    Pages = {13--25},
    Author = {Wang, Morgan C and Kennedy, William J.},
    Title = {{C}omparison of {A}lgorithms for {B}ivariate {N}ormal 
              {P}robability {O}ver
            a {R}ectangle {B}ased on {S}elf-{V}alidated {R}esults {F}rom 
            {I}nterval {A}nalysis},
    Year = 1990
}
@inproceedings{WK90b,
    Booktitle  = {ASAProStCp},
    Pages = {  303-- 308},
    Author = {Wang, Morgan C and Kennedy, W. J.},
    Title = {A {S}elf-{V}alidating {M}ethod for {A}ccurately {A}pproximating
            {M}ultivariate {N}ormal {P}robabilities},
    Year = 1990
}

@inproceedings{WK91,
    Booktitle  = {ASAProStCp},
    Pages = { 248-- 253},
    Author = {Wang, Morgan C. and Kennedy, William J.},
    Title = {Self-{V}alidating {C}omputations of {P}robabilities for 
          {C}entral and {N}on-{C}entral {C}hi-{S}quare 
          {P}robability {F}unctions},
    Year = 1991
}

@article{WK92a,
    Journal = {Computational Statistics \&\ Data Analysis},
    Volume = 13,
    Pages = {197--210},
    Keywords = {Taylor series},
    Author = {Wang, Morgan C and Kennedy, W. J.},
    Title = {A {N}umerical {M}ethod for {A}ccurately {A}pproximating 
             {M}ultivariate {N}ormal {P}robabilities},
    Year = 1992
}

@inproceedings{WK92b,
  Booktitle = {ASAProStCp},
  pages=      {51--55},
  author=     {Morgan C. Wang and Kennedy, William J.},
  title =     "Self-{V}alidating {C}omputation of {N}on-{C}entral {F}
              {P}robabilities",
  year =      1992
}

@article{WK94,
  Author = {Wang, Morgan C. and Kennedy, William J.},
  Journal={Journal of the American Statistical Association},
  Title={Self-{V}alidating {C}omputations of {P}robabilities for {S}elected
        {C}entral and {N}oncentral {U}nivariate {P}robability {F}unctions },
  Year=1994,
  Volume=89,Pages={878--887}
}

@article{WK95, 
  Author = {Wang, Morgan C and Kennedy, W. J.},
    Journal = {Statistics \&\ Computing},
    Volume = 5,
    Pages = {155--163},
    Title = {A {S}elf-{V}alidating {N}umerical {M}ethod for {C}omputation of
                  {C}entral and {N}on-{C}entral {F} {P}robabilities and
                  {P}ercentiles}, 
    Year = 1995
}

@article{WR93,
    Journal = {JCmpGrSt},
    Volume = 2,
    Pages = {69--95},
    Author = {Woodruff, David L. and Rocke, David M.},
    Title = {{H}euristic {S}earch {A}lgorithms for the {M}inimum {V}olume 
             {E}llipsoid},
    Year = 1993
}

@Article{WTS94,
  author =       "Russ Wolfinger and  Randy Tobias and John Sall",
  title =        "Computing {G}aussian {L}ikelihoods and {T}heir {D}erivatives
                  for {G}eneral {L}inear {M}ixed {M}odels",
  journal =      "SIAM Journal of Scientific Computing",
  year =         1994,
  volume =       15,
  pages =        "1294-1310"
}


@InCollection{Walster88, 
  Author = {G William Walster},
  chapter = {Philosophy and {P}racticalities of {I}nterval {A}rithmetic },
  title = {{R}eliability in {C}omputing },
  Year = 1988,
  editor =    {Ramon E Moore},
	booktitle = 	 {Reliability in {C}omputing},
  Publisher = {Academic Press},
  address =      {New York},
  pages = "309--323"
}

@InCollection{Walter88,
	author = 			 {Wolfgang Walter},
	title = 			 {{FORTRAN-SC}: A {FORTRAN} Extension for Engineering/Scientific Computation with Access to {ACRITH}},
	booktitle = 	 {Reliability in {C}omputing},
	publisher =		 {Academic Press},
  address =      {New York},
	year =				 1988,
	editor =			 {Ramon E Moore},
	pages =				 {43-62}
}

@InCollection{Walter93,
	author = 			 {Wolfgang V Walter},
	title = 			 {{ACRITH-XSC}: A {F}ortran-like {L}anguage for {V}erified  
                   {S}cientific {C}omputing},
	booktitle = 	 {{S}cientific {C}omputing with {A}utomatic {R}esult 
                  {V}erification},
	publisher =		 {Academic Press},
  address =      {New York},
	year =				 1993,
	editor =			 {E Adams and U Kulisch},
	pages =				 {45-70}
}

@article{WangKennedyJASA,
  Author = {Wang, Morgan C. and Kennedy, William J.},
  Journal={Journal of the American Statistical Association},
  Title={Self-{V}alidating {C}omputations of {P}robabilities for {S}elected
        {C}entral and {N}oncentral {U}nivariate {P}robability {F}unctions },
  Year=1994,
  Volume=89,Pages={878--887}
}

@inproceedings{WangM93,
  Author={Morgan C. Wang},
  Year=1993,
   Title={Computation for the {D}istribution of the {S}ample {C}orrelation
                  {C}oefficient}, 
   Booktitle={ASAProStCp},
   Pages={224--229}
}

@inproceedings{WangM94,
  author={Morgan C. Wang},
  title =        "An {O}bject {O}riented {C}omputing {E}nvironment for
                  {S}elf-{V}alidating {C}omputing",
  year =         1994,
  booktitle={ASAProStCp}
}


@inproceedings{WangO94,
  author={Ouhong Wang},
  title =        "Applications of{N}umerical {I}nterval {A}nalysis to {O}btain
                  {S}elf-{V}alidating {R}esults in a {M}assively {P}arallel
                  {C}omputing {E}nvironment",
  year =         1994,
  BookTitle={ASAProStCp}
}

@Article{Weideman,
  author =       "J A C Weideman",
  title =        "Computation of the {C}omplex {E}rror {F}unction",
  journal =      "SIAM {J} Numer. Anal.",
  year =         1994,
  volum =        31,
  pages =        "1497--1518"
}

@Article{Wolfe95,
  author =       "M. A. Wolfe",
  title =        {An {I}nterval {A}lgorithm for {B}ound {C}onstrained 
                    {G}lobal {O}ptimization},
  journal =      "Optimization Methods and Software",
  year =         1995,
  volume =       6,
  pages =        "145--159"
}

@Article{Wolfe96,
  author =       "M. A. Wolfe",
  title =        "Interval {M}ethods for {G}lobal {O}ptimization",
  journal =      "Applied Mathematics and Computation",
  year =         1996,
  volume =       75,
  pages =        "179--206"
}


@Unpublished{Wright:BivF,
	author = 			 "William Kennedy and Kevin Wright",
	title = 			 "Self-{V}alidated Critical {P}oints of a {B}ivariate {F}
                  {D}istribution",
	note = 				 "unpublished",
	OPTcrossref =  "",
	OPTkey = 			 "",
	year = 		 "1999",
	OPTmonth = 		 "",
	OPTannote = 	 ""
}

@Unpublished{WrightChi,
	author ="Kevin Wright and William Kennedy",
	title = "Self-{V}alidated {C}omputations for the {P}robabilities of
		  the {C}entral {B}ivariate {C}hi-{S}quare {D}istribution",
	note = "Submitted for publication",
	year =	 1999
}


@inproceedings{Wu94,
  author={Trong Wu},
  title =        "{LISP} for {I}nterval {C}omputation",
  year =         "1984",
  OPTvolume =    "26",
  pages={372-376},
  booktitle={Computing {S}cience and {S}tatistics}, 
  Publisher={Interface Foundation of North America}
}


@Article{WuEM,
	author = 			 {Wu, C. F. Jeff},
	title = 			 {On the {C}onvergence {P}roperties of the {EM} {A}lgorithm},
	journal = 		 {The {A}nnals of {S}tatistics},
	year = 				 1982,
	volume =			 11,
	number =			 1,
	pages =				 {95--103}
}

@Book{hutchinson,
	author = 			 "T. P. Hutchinson and C. D. Lai",
	title = 			 "Continuous bivariate distributions, emphasizing application",
	publisher = 	 "Rumsby Scientific",
	year = 				 1990
}
